%YAML 1.1
%TAG !u! tag:unity3d.com,2011:
--- !u!1 &8981096904946178574
GameObject:
  m_ObjectHideFlags: 0
  m_CorrespondingSourceObject: {fileID: 0}
  m_PrefabInstance: {fileID: 0}
  m_PrefabAsset: {fileID: 0}
  serializedVersion: 6
  m_Component:
  - component: {fileID: 8981096904946178575}
  - component: {fileID: 8981096904946178564}
  - component: {fileID: 8981096904946178571}
  - component: {fileID: 8981096904946178570}
  - component: {fileID: 8981096904946178569}
  - component: {fileID: 8981096904946178568}
  m_Layer: 0
  m_Name: New Game Object (4)
  m_TagString: Untagged
  m_Icon: {fileID: 0}
  m_NavMeshLayer: 0
  m_StaticEditorFlags: 0
  m_IsActive: 1
--- !u!4 &8981096904946178575
Transform:
  m_ObjectHideFlags: 0
  m_CorrespondingSourceObject: {fileID: 0}
  m_PrefabInstance: {fileID: 0}
  m_PrefabAsset: {fileID: 0}
  m_GameObject: {fileID: 8981096904946178574}
  m_LocalRotation: {x: 0.3665328, y: 0.14163534, z: 0.056562234, w: 0.9178202}
  m_LocalPosition: {x: -0.09724905, y: 0.8408691, z: -0.14562513}
  m_LocalScale: {x: 1.9670185, y: 0.59524333, z: 0.63984734}
  m_Children: []
  m_Father: {fileID: 8981096906210642577}
  m_RootOrder: 3
  m_LocalEulerAnglesHint: {x: 41.056, y: 23.564, z: 15.985}
--- !u!114 &8981096904946178564
MonoBehaviour:
  m_ObjectHideFlags: 0
  m_CorrespondingSourceObject: {fileID: 0}
  m_PrefabInstance: {fileID: 0}
  m_PrefabAsset: {fileID: 0}
  m_GameObject: {fileID: 8981096904946178574}
  m_Enabled: 1
  m_EditorHideFlags: 0
  m_Script: {fileID: 11500000, guid: 8233d90336aea43098adf6dbabd606a2, type: 3}
  m_Name: 
  m_EditorClassIdentifier: 
  m_MeshFormatVersion: 1
  m_Faces:
  - m_Indexes: 000000000300000001000000010000000300000002000000
    m_SmoothingGroup: 0
    m_Uv:
      m_UseWorldSpace: 0
      m_FlipU: 0
      m_FlipV: 0
      m_SwapUV: 0
      m_Fill: 1
      m_Scale: {x: 1, y: 1}
      m_Offset: {x: 0, y: 0}
      m_Rotation: 0
      m_Anchor: 9
    m_Material: {fileID: 2100000, guid: c22777d6e868e4f2fb421913386b154e, type: 2}
    m_SubmeshIndex: 0
    m_ManualUV: 0
    elementGroup: 0
    m_TextureGroup: -1
  - m_Indexes: 070000000500000006000000060000000500000004000000
    m_SmoothingGroup: 0
    m_Uv:
      m_UseWorldSpace: 0
      m_FlipU: 0
      m_FlipV: 0
      m_SwapUV: 0
      m_Fill: 1
      m_Scale: {x: 1, y: 1}
      m_Offset: {x: 0, y: 0}
      m_Rotation: 0
      m_Anchor: 9
    m_Material: {fileID: 2100000, guid: c22777d6e868e4f2fb421913386b154e, type: 2}
    m_SubmeshIndex: 0
    m_ManualUV: 0
    elementGroup: 0
    m_TextureGroup: -1
  - m_Indexes: 08000000090000000a000000090000000b0000000a000000
    m_SmoothingGroup: 0
    m_Uv:
      m_UseWorldSpace: 0
      m_FlipU: 0
      m_FlipV: 0
      m_SwapUV: 0
      m_Fill: 1
      m_Scale: {x: 1, y: 1}
      m_Offset: {x: 0, y: 0}
      m_Rotation: 0
      m_Anchor: 9
    m_Material: {fileID: 0}
    m_SubmeshIndex: 0
    m_ManualUV: 0
    elementGroup: -1
    m_TextureGroup: -1
  - m_Indexes: 0c0000000d0000000e0000000d0000000f0000000e000000
    m_SmoothingGroup: 0
    m_Uv:
      m_UseWorldSpace: 0
      m_FlipU: 0
      m_FlipV: 0
      m_SwapUV: 0
      m_Fill: 1
      m_Scale: {x: 1, y: 1}
      m_Offset: {x: 0, y: 0}
      m_Rotation: 0
      m_Anchor: 9
    m_Material: {fileID: 0}
    m_SubmeshIndex: 0
    m_ManualUV: 0
    elementGroup: -1
    m_TextureGroup: -1
  - m_Indexes: 100000001100000012000000110000001300000012000000
    m_SmoothingGroup: 0
    m_Uv:
      m_UseWorldSpace: 0
      m_FlipU: 0
      m_FlipV: 0
      m_SwapUV: 0
      m_Fill: 1
      m_Scale: {x: 1, y: 1}
      m_Offset: {x: 0, y: 0}
      m_Rotation: 0
      m_Anchor: 9
    m_Material: {fileID: 0}
    m_SubmeshIndex: 0
    m_ManualUV: 0
    elementGroup: -1
    m_TextureGroup: -1
  - m_Indexes: 140000001500000016000000150000001700000016000000
    m_SmoothingGroup: 0
    m_Uv:
      m_UseWorldSpace: 0
      m_FlipU: 0
      m_FlipV: 0
      m_SwapUV: 0
      m_Fill: 1
      m_Scale: {x: 1, y: 1}
      m_Offset: {x: 0, y: 0}
      m_Rotation: 0
      m_Anchor: 9
    m_Material: {fileID: 0}
    m_SubmeshIndex: 0
    m_ManualUV: 0
    elementGroup: -1
    m_TextureGroup: -1
  m_SharedVertices:
  - m_Vertices: 000000000a0000000f000000
  - m_Vertices: 04000000080000000d000000
  - m_Vertices: 010000000e00000017000000
  - m_Vertices: 060000000c00000015000000
  - m_Vertices: 020000001300000016000000
  - m_Vertices: 070000001100000014000000
  - m_Vertices: 030000000b00000012000000
  - m_Vertices: 050000000900000010000000
  m_SharedTextures: []
  m_Positions:
  - {x: 0.00000012304503, y: 1.3626735, z: -0.000008748285}
  - {x: -0.0008925161, y: 1.3626738, z: 0.037115887}
  - {x: -0.2057265, y: 1.3626735, z: 0.13183339}
  - {x: -0.24813068, y: 1.3626735, z: -0.0034987195}
  - {x: 0, y: 0, z: 0}
  - {x: -0.2481308, y: 0, z: -0.0034899712}
  - {x: -0.00089263916, y: 0.00000023841858, z: 0.037124634}
  - {x: -0.20572662, y: 0, z: 0.13184214}
  - {x: 0, y: 0, z: 0}
  - {x: -0.2481308, y: 0, z: -0.0034899712}
  - {x: 0.00000012304503, y: 1.3626735, z: -0.000008748285}
  - {x: -0.24813068, y: 1.3626735, z: -0.0034987195}
  - {x: -0.00089263916, y: 0.00000023841858, z: 0.037124634}
  - {x: 0, y: 0, z: 0}
  - {x: -0.0008925161, y: 1.3626738, z: 0.037115887}
  - {x: 0.00000012304503, y: 1.3626735, z: -0.000008748285}
  - {x: -0.2481308, y: 0, z: -0.0034899712}
  - {x: -0.20572662, y: 0, z: 0.13184214}
  - {x: -0.24813068, y: 1.3626735, z: -0.0034987195}
  - {x: -0.2057265, y: 1.3626735, z: 0.13183339}
  - {x: -0.20572662, y: 0, z: 0.13184214}
  - {x: -0.00089263916, y: 0.00000023841858, z: 0.037124634}
  - {x: -0.2057265, y: 1.3626735, z: 0.13183339}
  - {x: -0.0008925161, y: 1.3626738, z: 0.037115887}
  m_Textures0:
  - {x: -4.2990683e-15, y: -4.259462e-13}
  - {x: -0.00089263916, y: 0.037124634}
  - {x: -0.20572662, y: 0.13184214}
  - {x: -0.2481308, y: -0.0034899712}
  - {x: 0, y: 0}
  - {x: 0.2481308, y: -0.0034899712}
  - {x: 0.00089263916, y: 0.037124634}
  - {x: 0.20572662, y: 0.13184214}
  - {x: 0, y: 0}
  - {x: -0.24815534, y: 7.5276157e-16}
  - {x: -5.1247755e-15, y: 1.3626735}
  - {x: -0.24815534, y: 1.3626735}
  - {x: 0.037135363, y: 0.00000023841858}
  - {x: 0, y: 0}
  - {x: 0.037126616, y: 1.3626738}
  - {x: -0.000008748715, y: 1.3626735}
  - {x: 0.07752145, y: -0.0000004721944}
  - {x: -0.06429848, y: -0.0000004721944}
  - {x: 0.077529766, y: 1.362673}
  - {x: -0.064290166, y: 1.362673}
  - {x: 0.24206497, y: -0.00000019291748}
  - {x: 0.016391829, y: 0.00000004550109}
  - {x: 0.2420612, y: 1.3626733}
  - {x: 0.016388046, y: 1.3626735}
  m_Textures2: []
  m_Textures3: []
  m_Tangents:
  - {x: 1, y: -0.00000009029678, z: 4.561643e-20, w: -1}
  - {x: 1, y: 0.0000004631803, z: 0, w: -1}
  - {x: 1, y: 0.0000010166574, z: 0, w: -1}
  - {x: 1, y: 0.0000004631803, z: 0, w: -1}
  - {x: -1, y: 0.00000009029678, z: -4.561643e-20, w: -1}
  - {x: -1, y: -0.0000004631803, z: 0, w: -1}
  - {x: -1, y: -0.0000004631803, z: 0, w: -1}
  - {x: -1, y: -0.0000010166574, z: 0, w: -1}
  - {x: 0.9999011, y: 3.033429e-15, z: 0.014063655, w: -1}
  - {x: 0.9999011, y: 1.5167145e-15, z: 0.014063655, w: -1}
  - {x: 0.9999011, y: 1.5167145e-15, z: 0.014063655, w: -1}
  - {x: 0.9999011, y: 0, z: 0.014063655, w: -1}
  - {x: -0.024037443, y: 0, z: 0.9997111, w: -1}
  - {x: -0.024037443, y: 1.1927378e-16, z: 0.9997111, w: -1}
  - {x: -0.024037443, y: 1.1927378e-16, z: 0.9997111, w: -1}
  - {x: -0.024037443, y: 0, z: 0.9997111, w: -1}
  - {x: -0.2990001, y: 0, z: -0.9542531, w: -1}
  - {x: -0.2990001, y: 0, z: -0.9542531, w: -1}
  - {x: -0.2990001, y: 0, z: -0.9542531, w: -1}
  - {x: -0.2990001, y: 0, z: -0.9542531, w: -1}
  - {x: -0.9076578, y: 0, z: 0.41971102, w: -1}
  - {x: -0.9076578, y: 0, z: 0.41971102, w: -1}
  - {x: -0.9076578, y: 0, z: 0.41971102, w: -1}
  - {x: -0.9076578, y: 0, z: 0.41971102, w: -1}
  m_Colors: []
  m_UnwrapParameters:
    m_HardAngle: 88
    m_PackMargin: 20
    m_AngleError: 8
    m_AreaError: 15
  m_PreserveMeshAssetOnDestroy: 0
  assetGuid: 
  m_Mesh: {fileID: 0}
  m_IsSelectable: 1
  m_SelectedFaces: 
  m_SelectedEdges: []
  m_SelectedVertices: 
--- !u!114 &8981096904946178571
MonoBehaviour:
  m_ObjectHideFlags: 0
  m_CorrespondingSourceObject: {fileID: 0}
  m_PrefabInstance: {fileID: 0}
  m_PrefabAsset: {fileID: 0}
  m_GameObject: {fileID: 8981096904946178574}
  m_Enabled: 1
  m_EditorHideFlags: 0
  m_Script: {fileID: 11500000, guid: bb977b126bc1b4f15813dcf9da9bb600, type: 3}
  m_Name: 
  m_EditorClassIdentifier: 
  m_Points:
  - {x: 0, y: 0, z: 0}
  - {x: -0.00089263916, y: 0.00000023841858, z: 0.037124634}
  - {x: -0.20572662, y: 0, z: 0.13184214}
  - {x: -0.2481308, y: 0, z: -0.0034899712}
  m_Extrude: 1.3626735
  m_EditMode: 0
  m_FlipNormals: 0
  isOnGrid: 0
--- !u!23 &8981096904946178570
MeshRenderer:
  m_ObjectHideFlags: 0
  m_CorrespondingSourceObject: {fileID: 0}
  m_PrefabInstance: {fileID: 0}
  m_PrefabAsset: {fileID: 0}
  m_GameObject: {fileID: 8981096904946178574}
  m_Enabled: 1
  m_CastShadows: 1
  m_ReceiveShadows: 1
  m_DynamicOccludee: 1
  m_MotionVectors: 1
  m_LightProbeUsage: 1
  m_ReflectionProbeUsage: 1
  m_RayTracingMode: 2
  m_RayTraceProcedural: 0
  m_RenderingLayerMask: 1
  m_RendererPriority: 0
  m_Materials:
  - {fileID: 2100000, guid: c22777d6e868e4f2fb421913386b154e, type: 2}
  m_StaticBatchInfo:
    firstSubMesh: 0
    subMeshCount: 0
  m_StaticBatchRoot: {fileID: 0}
  m_ProbeAnchor: {fileID: 0}
  m_LightProbeVolumeOverride: {fileID: 0}
  m_ScaleInLightmap: 1
  m_ReceiveGI: 1
  m_PreserveUVs: 0
  m_IgnoreNormalsForChartDetection: 0
  m_ImportantGI: 0
  m_StitchLightmapSeams: 1
  m_SelectedEditorRenderState: 3
  m_MinimumChartSize: 4
  m_AutoUVMaxDistance: 0.5
  m_AutoUVMaxAngle: 89
  m_LightmapParameters: {fileID: 0}
  m_SortingLayerID: 0
  m_SortingLayer: 0
  m_SortingOrder: 0
  m_AdditionalVertexStreams: {fileID: 0}
--- !u!33 &8981096904946178569
MeshFilter:
  m_ObjectHideFlags: 0
  m_CorrespondingSourceObject: {fileID: 0}
  m_PrefabInstance: {fileID: 0}
  m_PrefabAsset: {fileID: 0}
  m_GameObject: {fileID: 8981096904946178574}
  m_Mesh: {fileID: 0}
--- !u!64 &8981096904946178568
MeshCollider:
  m_ObjectHideFlags: 0
  m_CorrespondingSourceObject: {fileID: 0}
  m_PrefabInstance: {fileID: 0}
  m_PrefabAsset: {fileID: 0}
  m_GameObject: {fileID: 8981096904946178574}
  m_Material: {fileID: 0}
  m_IsTrigger: 0
  m_Enabled: 1
  serializedVersion: 4
  m_Convex: 0
  m_CookingOptions: 30
  m_Mesh: {fileID: 0}
--- !u!1 &8981096905166623568
GameObject:
  m_ObjectHideFlags: 0
  m_CorrespondingSourceObject: {fileID: 0}
  m_PrefabInstance: {fileID: 0}
  m_PrefabAsset: {fileID: 0}
  serializedVersion: 6
  m_Component:
  - component: {fileID: 8981096905166623569}
  - component: {fileID: 8981096905166623566}
  - component: {fileID: 8981096905166623565}
  - component: {fileID: 8981096905166623564}
  - component: {fileID: 8981096905166623571}
  - component: {fileID: 8981096905166623570}
  m_Layer: 0
  m_Name: New Game Object (3)
  m_TagString: Untagged
  m_Icon: {fileID: 0}
  m_NavMeshLayer: 0
  m_StaticEditorFlags: 0
  m_IsActive: 1
--- !u!4 &8981096905166623569
Transform:
  m_ObjectHideFlags: 0
  m_CorrespondingSourceObject: {fileID: 0}
  m_PrefabInstance: {fileID: 0}
  m_PrefabAsset: {fileID: 0}
  m_GameObject: {fileID: 8981096905166623568}
  m_LocalRotation: {x: -0.18079808, y: 0.14993793, z: -0.027900191, w: 0.97162354}
  m_LocalPosition: {x: -0.44, y: 1.027, z: -0.5317504}
  m_LocalScale: {x: 1.9670197, y: 0.59524333, z: 0.6398473}
  m_Children: []
  m_Father: {fileID: 8981096906210642577}
  m_RootOrder: 2
  m_LocalEulerAnglesHint: {x: -20.058, y: 18.719, z: -6.629}
--- !u!114 &8981096905166623566
MonoBehaviour:
  m_ObjectHideFlags: 0
  m_CorrespondingSourceObject: {fileID: 0}
  m_PrefabInstance: {fileID: 0}
  m_PrefabAsset: {fileID: 0}
  m_GameObject: {fileID: 8981096905166623568}
  m_Enabled: 1
  m_EditorHideFlags: 0
  m_Script: {fileID: 11500000, guid: 8233d90336aea43098adf6dbabd606a2, type: 3}
  m_Name: 
  m_EditorClassIdentifier: 
  m_MeshFormatVersion: 1
  m_Faces:
  - m_Indexes: 000000000300000001000000010000000300000002000000
    m_SmoothingGroup: 0
    m_Uv:
      m_UseWorldSpace: 0
      m_FlipU: 0
      m_FlipV: 0
      m_SwapUV: 0
      m_Fill: 1
      m_Scale: {x: 1, y: 1}
      m_Offset: {x: 0, y: 0}
      m_Rotation: 0
      m_Anchor: 9
    m_Material: {fileID: 2100000, guid: c22777d6e868e4f2fb421913386b154e, type: 2}
    m_SubmeshIndex: 0
    m_ManualUV: 0
    elementGroup: 0
    m_TextureGroup: -1
  - m_Indexes: 070000000500000006000000060000000500000004000000
    m_SmoothingGroup: 0
    m_Uv:
      m_UseWorldSpace: 0
      m_FlipU: 0
      m_FlipV: 0
      m_SwapUV: 0
      m_Fill: 1
      m_Scale: {x: 1, y: 1}
      m_Offset: {x: 0, y: 0}
      m_Rotation: 0
      m_Anchor: 9
    m_Material: {fileID: 2100000, guid: c22777d6e868e4f2fb421913386b154e, type: 2}
    m_SubmeshIndex: 0
    m_ManualUV: 0
    elementGroup: 0
    m_TextureGroup: -1
  - m_Indexes: 08000000090000000a000000090000000b0000000a000000
    m_SmoothingGroup: 0
    m_Uv:
      m_UseWorldSpace: 0
      m_FlipU: 0
      m_FlipV: 0
      m_SwapUV: 0
      m_Fill: 1
      m_Scale: {x: 1, y: 1}
      m_Offset: {x: 0, y: 0}
      m_Rotation: 0
      m_Anchor: 9
    m_Material: {fileID: 0}
    m_SubmeshIndex: 0
    m_ManualUV: 0
    elementGroup: -1
    m_TextureGroup: -1
  - m_Indexes: 0c0000000d0000000e0000000d0000000f0000000e000000
    m_SmoothingGroup: 0
    m_Uv:
      m_UseWorldSpace: 0
      m_FlipU: 0
      m_FlipV: 0
      m_SwapUV: 0
      m_Fill: 1
      m_Scale: {x: 1, y: 1}
      m_Offset: {x: 0, y: 0}
      m_Rotation: 0
      m_Anchor: 9
    m_Material: {fileID: 0}
    m_SubmeshIndex: 0
    m_ManualUV: 0
    elementGroup: -1
    m_TextureGroup: -1
  - m_Indexes: 100000001100000012000000110000001300000012000000
    m_SmoothingGroup: 0
    m_Uv:
      m_UseWorldSpace: 0
      m_FlipU: 0
      m_FlipV: 0
      m_SwapUV: 0
      m_Fill: 1
      m_Scale: {x: 1, y: 1}
      m_Offset: {x: 0, y: 0}
      m_Rotation: 0
      m_Anchor: 9
    m_Material: {fileID: 0}
    m_SubmeshIndex: 0
    m_ManualUV: 0
    elementGroup: -1
    m_TextureGroup: -1
  - m_Indexes: 140000001500000016000000150000001700000016000000
    m_SmoothingGroup: 0
    m_Uv:
      m_UseWorldSpace: 0
      m_FlipU: 0
      m_FlipV: 0
      m_SwapUV: 0
      m_Fill: 1
      m_Scale: {x: 1, y: 1}
      m_Offset: {x: 0, y: 0}
      m_Rotation: 0
      m_Anchor: 9
    m_Material: {fileID: 0}
    m_SubmeshIndex: 0
    m_ManualUV: 0
    elementGroup: -1
    m_TextureGroup: -1
  m_SharedVertices:
  - m_Vertices: 000000000a0000000f000000
  - m_Vertices: 04000000080000000d000000
  - m_Vertices: 010000000e00000017000000
  - m_Vertices: 060000000c00000015000000
  - m_Vertices: 020000001300000016000000
  - m_Vertices: 070000001100000014000000
  - m_Vertices: 030000000b00000012000000
  - m_Vertices: 050000000900000010000000
  m_SharedTextures: []
  m_Positions:
  - {x: 0.00000012304503, y: 1.3626735, z: -0.000008748285}
  - {x: -0.0008925161, y: 1.3626738, z: 0.037115887}
  - {x: -0.2057265, y: 1.3626735, z: 0.13183339}
  - {x: -0.24813068, y: 1.3626735, z: -0.0034987195}
  - {x: 0, y: 0, z: 0}
  - {x: -0.2481308, y: 0, z: -0.0034899712}
  - {x: -0.00089263916, y: 0.00000023841858, z: 0.037124634}
  - {x: -0.20572662, y: 0, z: 0.13184214}
  - {x: 0, y: 0, z: 0}
  - {x: -0.2481308, y: 0, z: -0.0034899712}
  - {x: 0.00000012304503, y: 1.3626735, z: -0.000008748285}
  - {x: -0.24813068, y: 1.3626735, z: -0.0034987195}
  - {x: -0.00089263916, y: 0.00000023841858, z: 0.037124634}
  - {x: 0, y: 0, z: 0}
  - {x: -0.0008925161, y: 1.3626738, z: 0.037115887}
  - {x: 0.00000012304503, y: 1.3626735, z: -0.000008748285}
  - {x: -0.2481308, y: 0, z: -0.0034899712}
  - {x: -0.20572662, y: 0, z: 0.13184214}
  - {x: -0.24813068, y: 1.3626735, z: -0.0034987195}
  - {x: -0.2057265, y: 1.3626735, z: 0.13183339}
  - {x: -0.20572662, y: 0, z: 0.13184214}
  - {x: -0.00089263916, y: 0.00000023841858, z: 0.037124634}
  - {x: -0.2057265, y: 1.3626735, z: 0.13183339}
  - {x: -0.0008925161, y: 1.3626738, z: 0.037115887}
  m_Textures0:
  - {x: -4.2990683e-15, y: -4.259462e-13}
  - {x: -0.00089263916, y: 0.037124634}
  - {x: -0.20572662, y: 0.13184214}
  - {x: -0.2481308, y: -0.0034899712}
  - {x: 0, y: 0}
  - {x: 0.2481308, y: -0.0034899712}
  - {x: 0.00089263916, y: 0.037124634}
  - {x: 0.20572662, y: 0.13184214}
  - {x: 0, y: 0}
  - {x: -0.24815534, y: 7.5276157e-16}
  - {x: -5.1247755e-15, y: 1.3626735}
  - {x: -0.24815534, y: 1.3626735}
  - {x: 0.037135363, y: 0.00000023841858}
  - {x: 0, y: 0}
  - {x: 0.037126616, y: 1.3626738}
  - {x: -0.000008748715, y: 1.3626735}
  - {x: 0.07752145, y: -0.0000004721944}
  - {x: -0.06429848, y: -0.0000004721944}
  - {x: 0.077529766, y: 1.362673}
  - {x: -0.064290166, y: 1.362673}
  - {x: 0.24206497, y: -0.00000019291748}
  - {x: 0.016391829, y: 0.00000004550109}
  - {x: 0.2420612, y: 1.3626733}
  - {x: 0.016388046, y: 1.3626735}
  m_Textures2: []
  m_Textures3: []
  m_Tangents:
  - {x: 1, y: -0.00000009029678, z: 4.561643e-20, w: -1}
  - {x: 1, y: 0.0000004631803, z: 0, w: -1}
  - {x: 1, y: 0.0000010166574, z: 0, w: -1}
  - {x: 1, y: 0.0000004631803, z: 0, w: -1}
  - {x: -1, y: 0.00000009029678, z: -4.561643e-20, w: -1}
  - {x: -1, y: -0.0000004631803, z: 0, w: -1}
  - {x: -1, y: -0.0000004631803, z: 0, w: -1}
  - {x: -1, y: -0.0000010166574, z: 0, w: -1}
  - {x: 0.9999011, y: 3.033429e-15, z: 0.014063655, w: -1}
  - {x: 0.9999011, y: 1.5167145e-15, z: 0.014063655, w: -1}
  - {x: 0.9999011, y: 1.5167145e-15, z: 0.014063655, w: -1}
  - {x: 0.9999011, y: 0, z: 0.014063655, w: -1}
  - {x: -0.024037443, y: 0, z: 0.9997111, w: -1}
  - {x: -0.024037443, y: 1.1927378e-16, z: 0.9997111, w: -1}
  - {x: -0.024037443, y: 1.1927378e-16, z: 0.9997111, w: -1}
  - {x: -0.024037443, y: 0, z: 0.9997111, w: -1}
  - {x: -0.2990001, y: 0, z: -0.9542531, w: -1}
  - {x: -0.2990001, y: 0, z: -0.9542531, w: -1}
  - {x: -0.2990001, y: 0, z: -0.9542531, w: -1}
  - {x: -0.2990001, y: 0, z: -0.9542531, w: -1}
  - {x: -0.9076578, y: 0, z: 0.41971102, w: -1}
  - {x: -0.9076578, y: 0, z: 0.41971102, w: -1}
  - {x: -0.9076578, y: 0, z: 0.41971102, w: -1}
  - {x: -0.9076578, y: 0, z: 0.41971102, w: -1}
  m_Colors: []
  m_UnwrapParameters:
    m_HardAngle: 88
    m_PackMargin: 20
    m_AngleError: 8
    m_AreaError: 15
  m_PreserveMeshAssetOnDestroy: 0
  assetGuid: 
  m_Mesh: {fileID: 0}
  m_IsSelectable: 1
  m_SelectedFaces: 
  m_SelectedEdges: []
  m_SelectedVertices: 
--- !u!114 &8981096905166623565
MonoBehaviour:
  m_ObjectHideFlags: 0
  m_CorrespondingSourceObject: {fileID: 0}
  m_PrefabInstance: {fileID: 0}
  m_PrefabAsset: {fileID: 0}
  m_GameObject: {fileID: 8981096905166623568}
  m_Enabled: 1
  m_EditorHideFlags: 0
  m_Script: {fileID: 11500000, guid: bb977b126bc1b4f15813dcf9da9bb600, type: 3}
  m_Name: 
  m_EditorClassIdentifier: 
  m_Points:
  - {x: 0, y: 0, z: 0}
  - {x: -0.00089263916, y: 0.00000023841858, z: 0.037124634}
  - {x: -0.20572662, y: 0, z: 0.13184214}
  - {x: -0.2481308, y: 0, z: -0.0034899712}
  m_Extrude: 1.3626735
  m_EditMode: 0
  m_FlipNormals: 0
  isOnGrid: 0
--- !u!23 &8981096905166623564
MeshRenderer:
  m_ObjectHideFlags: 0
  m_CorrespondingSourceObject: {fileID: 0}
  m_PrefabInstance: {fileID: 0}
  m_PrefabAsset: {fileID: 0}
  m_GameObject: {fileID: 8981096905166623568}
  m_Enabled: 1
  m_CastShadows: 1
  m_ReceiveShadows: 1
  m_DynamicOccludee: 1
  m_MotionVectors: 1
  m_LightProbeUsage: 1
  m_ReflectionProbeUsage: 1
  m_RayTracingMode: 2
  m_RayTraceProcedural: 0
  m_RenderingLayerMask: 1
  m_RendererPriority: 0
  m_Materials:
  - {fileID: 2100000, guid: c22777d6e868e4f2fb421913386b154e, type: 2}
  m_StaticBatchInfo:
    firstSubMesh: 0
    subMeshCount: 0
  m_StaticBatchRoot: {fileID: 0}
  m_ProbeAnchor: {fileID: 0}
  m_LightProbeVolumeOverride: {fileID: 0}
  m_ScaleInLightmap: 1
  m_ReceiveGI: 1
  m_PreserveUVs: 0
  m_IgnoreNormalsForChartDetection: 0
  m_ImportantGI: 0
  m_StitchLightmapSeams: 1
  m_SelectedEditorRenderState: 3
  m_MinimumChartSize: 4
  m_AutoUVMaxDistance: 0.5
  m_AutoUVMaxAngle: 89
  m_LightmapParameters: {fileID: 0}
  m_SortingLayerID: 0
  m_SortingLayer: 0
  m_SortingOrder: 0
  m_AdditionalVertexStreams: {fileID: 0}
--- !u!33 &8981096905166623571
MeshFilter:
  m_ObjectHideFlags: 0
  m_CorrespondingSourceObject: {fileID: 0}
  m_PrefabInstance: {fileID: 0}
  m_PrefabAsset: {fileID: 0}
  m_GameObject: {fileID: 8981096905166623568}
  m_Mesh: {fileID: 0}
--- !u!64 &8981096905166623570
MeshCollider:
  m_ObjectHideFlags: 0
  m_CorrespondingSourceObject: {fileID: 0}
  m_PrefabInstance: {fileID: 0}
  m_PrefabAsset: {fileID: 0}
  m_GameObject: {fileID: 8981096905166623568}
  m_Material: {fileID: 0}
  m_IsTrigger: 0
  m_Enabled: 1
  serializedVersion: 4
  m_Convex: 0
  m_CookingOptions: 30
  m_Mesh: {fileID: 0}
--- !u!1 &8981096905510298825
GameObject:
  m_ObjectHideFlags: 0
  m_CorrespondingSourceObject: {fileID: 0}
  m_PrefabInstance: {fileID: 0}
  m_PrefabAsset: {fileID: 0}
  serializedVersion: 6
  m_Component:
  - component: {fileID: 8981096905510298826}
  - component: {fileID: 8981096905510298823}
  - component: {fileID: 8981096905510298822}
  - component: {fileID: 8981096905510298821}
  - component: {fileID: 8981096905510298820}
  - component: {fileID: 8981096905510298827}
  m_Layer: 0
  m_Name: New Game Object (2)
  m_TagString: Untagged
  m_Icon: {fileID: 0}
  m_NavMeshLayer: 0
  m_StaticEditorFlags: 0
  m_IsActive: 1
--- !u!4 &8981096905510298826
Transform:
  m_ObjectHideFlags: 0
  m_CorrespondingSourceObject: {fileID: 0}
  m_PrefabInstance: {fileID: 0}
  m_PrefabAsset: {fileID: 0}
  m_GameObject: {fileID: 8981096905510298825}
  m_LocalRotation: {x: -0.15090907, y: -0.42819238, z: 0.29619527, w: 0.84032506}
  m_LocalPosition: {x: -0.28814736, y: 0.77292174, z: -0.0834659}
  m_LocalScale: {x: 0.13618529, y: 0.54779094, z: 0.9855576}
  m_Children: []
  m_Father: {fileID: 8981096906210642577}
  m_RootOrder: 0
  m_LocalEulerAnglesHint: {x: 0.002, y: -54.002, z: 38.832}
--- !u!114 &8981096905510298823
MonoBehaviour:
  m_ObjectHideFlags: 0
  m_CorrespondingSourceObject: {fileID: 0}
  m_PrefabInstance: {fileID: 0}
  m_PrefabAsset: {fileID: 0}
  m_GameObject: {fileID: 8981096905510298825}
  m_Enabled: 1
  m_EditorHideFlags: 0
  m_Script: {fileID: 11500000, guid: 8233d90336aea43098adf6dbabd606a2, type: 3}
  m_Name: 
  m_EditorClassIdentifier: 
  m_MeshFormatVersion: 1
  m_Faces:
  - m_Indexes: 000000000300000002000000000000000200000001000000
    m_SmoothingGroup: 0
    m_Uv:
      m_UseWorldSpace: 0
      m_FlipU: 0
      m_FlipV: 0
      m_SwapUV: 0
      m_Fill: 1
      m_Scale: {x: 1, y: 1}
      m_Offset: {x: 0, y: 0}
      m_Rotation: 0
      m_Anchor: 9
    m_Material: {fileID: 2100000, guid: c22777d6e868e4f2fb421913386b154e, type: 2}
    m_SubmeshIndex: 0
    m_ManualUV: 0
    elementGroup: 0
    m_TextureGroup: -1
  - m_Indexes: 070000000600000004000000060000000500000004000000
    m_SmoothingGroup: 0
    m_Uv:
      m_UseWorldSpace: 0
      m_FlipU: 0
      m_FlipV: 0
      m_SwapUV: 0
      m_Fill: 1
      m_Scale: {x: 1, y: 1}
      m_Offset: {x: 0, y: 0}
      m_Rotation: 0
      m_Anchor: 9
    m_Material: {fileID: 2100000, guid: c22777d6e868e4f2fb421913386b154e, type: 2}
    m_SubmeshIndex: 0
    m_ManualUV: 0
    elementGroup: 0
    m_TextureGroup: -1
  - m_Indexes: 08000000090000000a000000090000000b0000000a000000
    m_SmoothingGroup: 0
    m_Uv:
      m_UseWorldSpace: 0
      m_FlipU: 0
      m_FlipV: 0
      m_SwapUV: 0
      m_Fill: 1
      m_Scale: {x: 1, y: 1}
      m_Offset: {x: 0, y: 0}
      m_Rotation: 0
      m_Anchor: 9
    m_Material: {fileID: 0}
    m_SubmeshIndex: 0
    m_ManualUV: 0
    elementGroup: -1
    m_TextureGroup: -1
  - m_Indexes: 0c0000000d0000000e0000000d0000000f0000000e000000
    m_SmoothingGroup: 0
    m_Uv:
      m_UseWorldSpace: 0
      m_FlipU: 0
      m_FlipV: 0
      m_SwapUV: 0
      m_Fill: 1
      m_Scale: {x: 1, y: 1}
      m_Offset: {x: 0, y: 0}
      m_Rotation: 0
      m_Anchor: 9
    m_Material: {fileID: 0}
    m_SubmeshIndex: 0
    m_ManualUV: 0
    elementGroup: -1
    m_TextureGroup: -1
  - m_Indexes: 100000001100000012000000110000001300000012000000
    m_SmoothingGroup: 0
    m_Uv:
      m_UseWorldSpace: 0
      m_FlipU: 0
      m_FlipV: 0
      m_SwapUV: 0
      m_Fill: 1
      m_Scale: {x: 1, y: 1}
      m_Offset: {x: 0, y: 0}
      m_Rotation: 0
      m_Anchor: 9
    m_Material: {fileID: 0}
    m_SubmeshIndex: 0
    m_ManualUV: 0
    elementGroup: -1
    m_TextureGroup: -1
  - m_Indexes: 140000001500000016000000150000001700000016000000
    m_SmoothingGroup: 0
    m_Uv:
      m_UseWorldSpace: 0
      m_FlipU: 0
      m_FlipV: 0
      m_SwapUV: 0
      m_Fill: 1
      m_Scale: {x: 1, y: 1}
      m_Offset: {x: 0, y: 0}
      m_Rotation: 0
      m_Anchor: 9
    m_Material: {fileID: 0}
    m_SubmeshIndex: 0
    m_ManualUV: 0
    elementGroup: -1
    m_TextureGroup: -1
  m_SharedVertices:
  - m_Vertices: 000000000a00000017000000
  - m_Vertices: 040000000800000015000000
  - m_Vertices: 010000001300000016000000
  - m_Vertices: 070000001100000014000000
  - m_Vertices: 020000000f00000012000000
  - m_Vertices: 060000000d00000010000000
  - m_Vertices: 030000000b0000000e000000
  - m_Vertices: 05000000090000000c000000
  m_SharedTextures: []
  m_Positions:
  - {x: 0, y: 1.5132678, z: 0}
  - {x: -0.6572571, y: 1.5132678, z: 0.07190895}
  - {x: -0.5740509, y: 1.5132678, z: -0.23287725}
  - {x: -0.05822754, y: 1.6905856, z: -0.29649973}
  - {x: 0, y: 0, z: 0}
  - {x: -0.02495575, y: 0, z: -0.29649973}
  - {x: -0.5740509, y: 0, z: -0.23287725}
  - {x: -0.6572571, y: 0, z: 0.07190895}
  - {x: 0, y: 0, z: 0}
  - {x: -0.02495575, y: 0, z: -0.29649973}
  - {x: 0, y: 1.5132678, z: 0}
  - {x: -0.05822754, y: 1.6905856, z: -0.29649973}
  - {x: -0.02495575, y: 0, z: -0.29649973}
  - {x: -0.5740509, y: 0, z: -0.23287725}
  - {x: -0.05822754, y: 1.6905856, z: -0.29649973}
  - {x: -0.5740509, y: 1.5132678, z: -0.23287725}
  - {x: -0.5740509, y: 0, z: -0.23287725}
  - {x: -0.6572571, y: 0, z: 0.07190895}
  - {x: -0.5740509, y: 1.5132678, z: -0.23287725}
  - {x: -0.6572571, y: 1.5132678, z: 0.07190895}
  - {x: -0.6572571, y: 0, z: 0.07190895}
  - {x: 0, y: 0, z: 0}
  - {x: -0.6572571, y: 1.5132678, z: 0.07190895}
  - {x: 0, y: 1.5132678, z: 0}
  m_Textures0:
  - {x: 0.38573363, y: -0.778511}
  - {x: -0.24981235, y: -0.8067581}
  - {x: -0.1693547, y: -1.053544}
  - {x: 0.37462804, y: -1.1286836}
  - {x: 0, y: 0}
  - {x: 0.02495575, y: -0.29649973}
  - {x: 0.5740509, y: -0.23287725}
  - {x: 0.6572571, y: 0.07190895}
  - {x: 0, y: 0}
  - {x: -0.29754812, y: 0}
  - {x: 0, y: 1.5132678}
  - {x: -0.30033866, y: 1.6905856}
  - {x: 0.009336572, y: 0.0006736716}
  - {x: -0.54343224, y: 0.0006736716}
  - {x: -0.023714101, y: 1.6912637}
  - {x: -0.54343224, y: 1.5139376}
  - {x: 0.0734735, y: 0}
  - {x: -0.2424662, y: 0}
  - {x: 0.0734735, y: 1.5132678}
  - {x: -0.2424662, y: 1.5132678}
  - {x: 0.66117907, y: 0}
  - {x: 0, y: 0}
  - {x: 0.66117907, y: 1.5132678}
  - {x: 0, y: 1.5132678}
  m_Textures2: []
  m_Textures3: []
  m_Tangents:
  - {x: 0.987109, y: 0.13988768, z: -0.07776342, w: -1}
  - {x: 0.9874153, y: 0, z: -0.15814911, w: -1}
  - {x: 0.987109, y: 0.13988768, z: -0.07776342, w: -1}
  - {x: 0.9669671, y: 0.2549011, z: 0.000000015533816, w: -1}
  - {x: -1, y: 0, z: 0, w: -1}
  - {x: -1, y: 0, z: 0, w: -1}
  - {x: -1, y: 0, z: 0, w: -1}
  - {x: -1, y: 0, z: 0, w: -1}
  - {x: 0.08387131, y: 0, z: 0.9964766, w: -1}
  - {x: 0.13286528, y: -0.0000012077483, z: 0.9911341, w: -1}
  - {x: 0.13286528, y: -0.0000012077483, z: 0.9911341, w: -1}
  - {x: 0.18154556, y: 0, z: 0.9833825, w: -1}
  - {x: 0.9933542, y: 1.6876996e-11, z: -0.11509781, w: -1}
  - {x: 0.99292344, y: -0.000008343312, z: -0.1187567, w: -1}
  - {x: 0.99292344, y: -0.000008343312, z: -0.1187567, w: -1}
  - {x: 0.99247915, y: -0.000016686387, z: -0.12241396, w: -1}
  - {x: 0.26336092, y: 0, z: -0.96469736, w: -1}
  - {x: 0.26336092, y: 0, z: -0.96469736, w: -1}
  - {x: 0.26336092, y: 0, z: -0.96469736, w: -1}
  - {x: 0.26336092, y: 0, z: -0.96469736, w: -1}
  - {x: -0.9940682, y: 0, z: 0.10875866, w: -1}
  - {x: -0.9940682, y: 0, z: 0.10875866, w: -1}
  - {x: -0.9940682, y: 0, z: 0.10875866, w: -1}
  - {x: -0.9940682, y: 0, z: 0.10875866, w: -1}
  m_Colors: []
  m_UnwrapParameters:
    m_HardAngle: 88
    m_PackMargin: 20
    m_AngleError: 8
    m_AreaError: 15
  m_PreserveMeshAssetOnDestroy: 0
  assetGuid: 
  m_Mesh: {fileID: 0}
  m_IsSelectable: 1
  m_SelectedFaces: 
  m_SelectedEdges: []
  m_SelectedVertices: 
--- !u!114 &8981096905510298822
MonoBehaviour:
  m_ObjectHideFlags: 0
  m_CorrespondingSourceObject: {fileID: 0}
  m_PrefabInstance: {fileID: 0}
  m_PrefabAsset: {fileID: 0}
  m_GameObject: {fileID: 8981096905510298825}
  m_Enabled: 1
  m_EditorHideFlags: 0
  m_Script: {fileID: 11500000, guid: bb977b126bc1b4f15813dcf9da9bb600, type: 3}
  m_Name: 
  m_EditorClassIdentifier: 
  m_Points:
  - {x: 0, y: 0, z: 0}
  - {x: -0.6572571, y: 0, z: 0.07190895}
  - {x: -0.5740509, y: 0, z: -0.23287725}
  - {x: -0.02495575, y: 0, z: -0.29649973}
  m_Extrude: 1.5132678
  m_EditMode: 0
  m_FlipNormals: 0
  isOnGrid: 0
--- !u!23 &8981096905510298821
MeshRenderer:
  m_ObjectHideFlags: 0
  m_CorrespondingSourceObject: {fileID: 0}
  m_PrefabInstance: {fileID: 0}
  m_PrefabAsset: {fileID: 0}
  m_GameObject: {fileID: 8981096905510298825}
  m_Enabled: 1
  m_CastShadows: 1
  m_ReceiveShadows: 1
  m_DynamicOccludee: 1
  m_MotionVectors: 1
  m_LightProbeUsage: 1
  m_ReflectionProbeUsage: 1
  m_RayTracingMode: 2
  m_RayTraceProcedural: 0
  m_RenderingLayerMask: 1
  m_RendererPriority: 0
  m_Materials:
  - {fileID: 2100000, guid: c22777d6e868e4f2fb421913386b154e, type: 2}
  m_StaticBatchInfo:
    firstSubMesh: 0
    subMeshCount: 0
  m_StaticBatchRoot: {fileID: 0}
  m_ProbeAnchor: {fileID: 0}
  m_LightProbeVolumeOverride: {fileID: 0}
  m_ScaleInLightmap: 1
  m_ReceiveGI: 1
  m_PreserveUVs: 0
  m_IgnoreNormalsForChartDetection: 0
  m_ImportantGI: 0
  m_StitchLightmapSeams: 1
  m_SelectedEditorRenderState: 2
  m_MinimumChartSize: 4
  m_AutoUVMaxDistance: 0.5
  m_AutoUVMaxAngle: 89
  m_LightmapParameters: {fileID: 0}
  m_SortingLayerID: 0
  m_SortingLayer: 0
  m_SortingOrder: 0
  m_AdditionalVertexStreams: {fileID: 0}
--- !u!33 &8981096905510298820
MeshFilter:
  m_ObjectHideFlags: 0
  m_CorrespondingSourceObject: {fileID: 0}
  m_PrefabInstance: {fileID: 0}
  m_PrefabAsset: {fileID: 0}
  m_GameObject: {fileID: 8981096905510298825}
  m_Mesh: {fileID: 0}
--- !u!64 &8981096905510298827
MeshCollider:
  m_ObjectHideFlags: 0
  m_CorrespondingSourceObject: {fileID: 0}
  m_PrefabInstance: {fileID: 0}
  m_PrefabAsset: {fileID: 0}
  m_GameObject: {fileID: 8981096905510298825}
  m_Material: {fileID: 0}
  m_IsTrigger: 0
  m_Enabled: 1
  serializedVersion: 4
  m_Convex: 0
  m_CookingOptions: 30
  m_Mesh: {fileID: 0}
--- !u!1 &8981096905563683527
GameObject:
  m_ObjectHideFlags: 0
  m_CorrespondingSourceObject: {fileID: 0}
  m_PrefabInstance: {fileID: 0}
  m_PrefabAsset: {fileID: 0}
  serializedVersion: 6
  m_Component:
  - component: {fileID: 8981096905563683520}
  - component: {fileID: 8981096905563683133}
  - component: {fileID: 8981096905563683132}
  - component: {fileID: 8981096905563683523}
  - component: {fileID: 8981096905563683522}
  - component: {fileID: 8981096905563683521}
  m_Layer: 0
  m_Name: New Game Object
  m_TagString: Untagged
  m_Icon: {fileID: 0}
  m_NavMeshLayer: 0
  m_StaticEditorFlags: 0
  m_IsActive: 1
--- !u!4 &8981096905563683520
Transform:
  m_ObjectHideFlags: 0
  m_CorrespondingSourceObject: {fileID: 0}
  m_PrefabInstance: {fileID: 0}
  m_PrefabAsset: {fileID: 0}
  m_GameObject: {fileID: 8981096905563683527}
  m_LocalRotation: {x: -0.03921052, y: 0.0057786223, z: -0.3762332, w: 0.92567694}
  m_LocalPosition: {x: 0.06, y: 0.59858, z: -0.18122}
  m_LocalScale: {x: 1.7624967, y: 1.03216, z: 0.8845988}
  m_Children: []
  m_Father: {fileID: 8981096906210642577}
  m_RootOrder: 1
  m_LocalEulerAnglesHint: {x: -3.913, y: 2.309, z: -44.317}
--- !u!114 &8981096905563683133
MonoBehaviour:
  m_ObjectHideFlags: 0
  m_CorrespondingSourceObject: {fileID: 0}
  m_PrefabInstance: {fileID: 0}
  m_PrefabAsset: {fileID: 0}
  m_GameObject: {fileID: 8981096905563683527}
  m_Enabled: 1
  m_EditorHideFlags: 0
  m_Script: {fileID: 11500000, guid: 8233d90336aea43098adf6dbabd606a2, type: 3}
  m_Name: 
  m_EditorClassIdentifier: 
  m_MeshFormatVersion: 1
  m_Faces:
  - m_Indexes: 000000000300000001000000010000000300000002000000
    m_SmoothingGroup: 0
    m_Uv:
      m_UseWorldSpace: 0
      m_FlipU: 0
      m_FlipV: 0
      m_SwapUV: 0
      m_Fill: 1
      m_Scale: {x: 1, y: 1}
      m_Offset: {x: 0, y: 0}
      m_Rotation: 0
      m_Anchor: 9
    m_Material: {fileID: 2100000, guid: c22777d6e868e4f2fb421913386b154e, type: 2}
    m_SubmeshIndex: 0
    m_ManualUV: 0
    elementGroup: 0
    m_TextureGroup: -1
  - m_Indexes: 070000000500000006000000060000000500000004000000
    m_SmoothingGroup: 0
    m_Uv:
      m_UseWorldSpace: 0
      m_FlipU: 0
      m_FlipV: 0
      m_SwapUV: 0
      m_Fill: 1
      m_Scale: {x: 1, y: 1}
      m_Offset: {x: 0, y: 0}
      m_Rotation: 0
      m_Anchor: 9
    m_Material: {fileID: 2100000, guid: c22777d6e868e4f2fb421913386b154e, type: 2}
    m_SubmeshIndex: 0
    m_ManualUV: 0
    elementGroup: 0
    m_TextureGroup: -1
  - m_Indexes: 08000000090000000a000000090000000b0000000a000000
    m_SmoothingGroup: 0
    m_Uv:
      m_UseWorldSpace: 0
      m_FlipU: 0
      m_FlipV: 0
      m_SwapUV: 0
      m_Fill: 1
      m_Scale: {x: 1, y: 1}
      m_Offset: {x: 0, y: 0}
      m_Rotation: 0
      m_Anchor: 9
    m_Material: {fileID: 0}
    m_SubmeshIndex: 0
    m_ManualUV: 0
    elementGroup: -1
    m_TextureGroup: -1
  - m_Indexes: 0c0000000d0000000e0000000d0000000f0000000e000000
    m_SmoothingGroup: 0
    m_Uv:
      m_UseWorldSpace: 0
      m_FlipU: 0
      m_FlipV: 0
      m_SwapUV: 0
      m_Fill: 1
      m_Scale: {x: 1, y: 1}
      m_Offset: {x: 0, y: 0}
      m_Rotation: 0
      m_Anchor: 9
    m_Material: {fileID: 0}
    m_SubmeshIndex: 0
    m_ManualUV: 0
    elementGroup: -1
    m_TextureGroup: -1
  - m_Indexes: 100000001100000012000000110000001300000012000000
    m_SmoothingGroup: 0
    m_Uv:
      m_UseWorldSpace: 0
      m_FlipU: 0
      m_FlipV: 0
      m_SwapUV: 0
      m_Fill: 1
      m_Scale: {x: 1, y: 1}
      m_Offset: {x: 0, y: 0}
      m_Rotation: 0
      m_Anchor: 9
    m_Material: {fileID: 0}
    m_SubmeshIndex: 0
    m_ManualUV: 0
    elementGroup: -1
    m_TextureGroup: -1
  - m_Indexes: 140000001500000016000000150000001700000016000000
    m_SmoothingGroup: 0
    m_Uv:
      m_UseWorldSpace: 0
      m_FlipU: 0
      m_FlipV: 0
      m_SwapUV: 0
      m_Fill: 1
      m_Scale: {x: 1, y: 1}
      m_Offset: {x: 0, y: 0}
      m_Rotation: 0
      m_Anchor: 9
    m_Material: {fileID: 0}
    m_SubmeshIndex: 0
    m_ManualUV: 0
    elementGroup: -1
    m_TextureGroup: -1
  m_SharedVertices:
  - m_Vertices: 000000000a0000000f000000
  - m_Vertices: 04000000080000000d000000
  - m_Vertices: 010000000e00000017000000
  - m_Vertices: 060000000c00000015000000
  - m_Vertices: 020000001300000016000000
  - m_Vertices: 070000001100000014000000
  - m_Vertices: 030000000b00000012000000
  - m_Vertices: 050000000900000010000000
  m_SharedTextures: []
  m_Positions:
  - {x: 0.00000012304503, y: 1.3626735, z: -0.000008748285}
  - {x: -0.0008925161, y: 1.3626738, z: 0.037115887}
  - {x: -0.2057265, y: 1.3626735, z: 0.13183339}
  - {x: -0.24813068, y: 1.3626735, z: -0.0034987195}
  - {x: 0, y: 0, z: 0}
  - {x: -0.2481308, y: 0, z: -0.0034899712}
  - {x: -0.00089263916, y: 0.00000023841858, z: 0.037124634}
  - {x: -0.20572662, y: 0, z: 0.13184214}
  - {x: 0, y: 0, z: 0}
  - {x: -0.2481308, y: 0, z: -0.0034899712}
  - {x: 0.00000012304503, y: 1.3626735, z: -0.000008748285}
  - {x: -0.24813068, y: 1.3626735, z: -0.0034987195}
  - {x: -0.00089263916, y: 0.00000023841858, z: 0.037124634}
  - {x: 0, y: 0, z: 0}
  - {x: -0.0008925161, y: 1.3626738, z: 0.037115887}
  - {x: 0.00000012304503, y: 1.3626735, z: -0.000008748285}
  - {x: -0.2481308, y: 0, z: -0.0034899712}
  - {x: -0.20572662, y: 0, z: 0.13184214}
  - {x: -0.24813068, y: 1.3626735, z: -0.0034987195}
  - {x: -0.2057265, y: 1.3626735, z: 0.13183339}
  - {x: -0.20572662, y: 0, z: 0.13184214}
  - {x: -0.00089263916, y: 0.00000023841858, z: 0.037124634}
  - {x: -0.2057265, y: 1.3626735, z: 0.13183339}
  - {x: -0.0008925161, y: 1.3626738, z: 0.037115887}
  m_Textures0:
  - {x: -4.2990683e-15, y: -4.259462e-13}
  - {x: -0.00089263916, y: 0.037124634}
  - {x: -0.20572662, y: 0.13184214}
  - {x: -0.2481308, y: -0.0034899712}
  - {x: 0, y: 0}
  - {x: 0.2481308, y: -0.0034899712}
  - {x: 0.00089263916, y: 0.037124634}
  - {x: 0.20572662, y: 0.13184214}
  - {x: 0, y: 0}
  - {x: -0.24815534, y: 7.5276157e-16}
  - {x: -5.1247755e-15, y: 1.3626735}
  - {x: -0.24815534, y: 1.3626735}
  - {x: 0.037135363, y: 0.00000023841858}
  - {x: 0, y: 0}
  - {x: 0.037126616, y: 1.3626738}
  - {x: -0.000008748715, y: 1.3626735}
  - {x: 0.07752145, y: -0.0000004721944}
  - {x: -0.06429848, y: -0.0000004721944}
  - {x: 0.077529766, y: 1.362673}
  - {x: -0.064290166, y: 1.362673}
  - {x: 0.24206497, y: -0.00000019291748}
  - {x: 0.016391829, y: 0.00000004550109}
  - {x: 0.2420612, y: 1.3626733}
  - {x: 0.016388046, y: 1.3626735}
  m_Textures2: []
  m_Textures3: []
  m_Tangents:
  - {x: 1, y: -0.00000009029678, z: 4.561643e-20, w: -1}
  - {x: 1, y: 0.0000004631803, z: 0, w: -1}
  - {x: 1, y: 0.0000010166574, z: 0, w: -1}
  - {x: 1, y: 0.0000004631803, z: 0, w: -1}
  - {x: -1, y: 0.00000009029678, z: -4.561643e-20, w: -1}
  - {x: -1, y: -0.0000004631803, z: 0, w: -1}
  - {x: -1, y: -0.0000004631803, z: 0, w: -1}
  - {x: -1, y: -0.0000010166574, z: 0, w: -1}
  - {x: 0.9999011, y: 3.033429e-15, z: 0.014063655, w: -1}
  - {x: 0.9999011, y: 1.5167145e-15, z: 0.014063655, w: -1}
  - {x: 0.9999011, y: 1.5167145e-15, z: 0.014063655, w: -1}
  - {x: 0.9999011, y: 0, z: 0.014063655, w: -1}
  - {x: -0.024037443, y: 0, z: 0.9997111, w: -1}
  - {x: -0.024037443, y: 1.1927378e-16, z: 0.9997111, w: -1}
  - {x: -0.024037443, y: 1.1927378e-16, z: 0.9997111, w: -1}
  - {x: -0.024037443, y: 0, z: 0.9997111, w: -1}
  - {x: -0.2990001, y: 0, z: -0.9542531, w: -1}
  - {x: -0.2990001, y: 0, z: -0.9542531, w: -1}
  - {x: -0.2990001, y: 0, z: -0.9542531, w: -1}
  - {x: -0.2990001, y: 0, z: -0.9542531, w: -1}
  - {x: -0.9076578, y: 0, z: 0.41971102, w: -1}
  - {x: -0.9076578, y: 0, z: 0.41971102, w: -1}
  - {x: -0.9076578, y: 0, z: 0.41971102, w: -1}
  - {x: -0.9076578, y: 0, z: 0.41971102, w: -1}
  m_Colors: []
  m_UnwrapParameters:
    m_HardAngle: 88
    m_PackMargin: 20
    m_AngleError: 8
    m_AreaError: 15
  m_PreserveMeshAssetOnDestroy: 0
  assetGuid: 
  m_Mesh: {fileID: 0}
  m_IsSelectable: 1
  m_SelectedFaces: 
  m_SelectedEdges: []
  m_SelectedVertices: 
--- !u!114 &8981096905563683132
MonoBehaviour:
  m_ObjectHideFlags: 0
  m_CorrespondingSourceObject: {fileID: 0}
  m_PrefabInstance: {fileID: 0}
  m_PrefabAsset: {fileID: 0}
  m_GameObject: {fileID: 8981096905563683527}
  m_Enabled: 1
  m_EditorHideFlags: 0
  m_Script: {fileID: 11500000, guid: bb977b126bc1b4f15813dcf9da9bb600, type: 3}
  m_Name: 
  m_EditorClassIdentifier: 
  m_Points:
  - {x: 0, y: 0, z: 0}
  - {x: -0.00089263916, y: 0.00000023841858, z: 0.037124634}
  - {x: -0.20572662, y: 0, z: 0.13184214}
  - {x: -0.2481308, y: 0, z: -0.0034899712}
  m_Extrude: 1.3626735
  m_EditMode: 0
  m_FlipNormals: 0
  isOnGrid: 0
--- !u!23 &8981096905563683523
MeshRenderer:
  m_ObjectHideFlags: 0
  m_CorrespondingSourceObject: {fileID: 0}
  m_PrefabInstance: {fileID: 0}
  m_PrefabAsset: {fileID: 0}
  m_GameObject: {fileID: 8981096905563683527}
  m_Enabled: 1
  m_CastShadows: 1
  m_ReceiveShadows: 1
  m_DynamicOccludee: 1
  m_MotionVectors: 1
  m_LightProbeUsage: 1
  m_ReflectionProbeUsage: 1
  m_RayTracingMode: 2
  m_RayTraceProcedural: 0
  m_RenderingLayerMask: 1
  m_RendererPriority: 0
  m_Materials:
  - {fileID: 2100000, guid: c22777d6e868e4f2fb421913386b154e, type: 2}
  m_StaticBatchInfo:
    firstSubMesh: 0
    subMeshCount: 0
  m_StaticBatchRoot: {fileID: 0}
  m_ProbeAnchor: {fileID: 0}
  m_LightProbeVolumeOverride: {fileID: 0}
  m_ScaleInLightmap: 1
  m_ReceiveGI: 1
  m_PreserveUVs: 0
  m_IgnoreNormalsForChartDetection: 0
  m_ImportantGI: 0
  m_StitchLightmapSeams: 1
  m_SelectedEditorRenderState: 3
  m_MinimumChartSize: 4
  m_AutoUVMaxDistance: 0.5
  m_AutoUVMaxAngle: 89
  m_LightmapParameters: {fileID: 0}
  m_SortingLayerID: 0
  m_SortingLayer: 0
  m_SortingOrder: 0
  m_AdditionalVertexStreams: {fileID: 0}
--- !u!33 &8981096905563683522
MeshFilter:
  m_ObjectHideFlags: 0
  m_CorrespondingSourceObject: {fileID: 0}
  m_PrefabInstance: {fileID: 0}
  m_PrefabAsset: {fileID: 0}
  m_GameObject: {fileID: 8981096905563683527}
  m_Mesh: {fileID: 0}
--- !u!64 &8981096905563683521
MeshCollider:
  m_ObjectHideFlags: 0
  m_CorrespondingSourceObject: {fileID: 0}
  m_PrefabInstance: {fileID: 0}
  m_PrefabAsset: {fileID: 0}
  m_GameObject: {fileID: 8981096905563683527}
  m_Material: {fileID: 0}
  m_IsTrigger: 0
  m_Enabled: 1
  serializedVersion: 4
  m_Convex: 0
  m_CookingOptions: 30
  m_Mesh: {fileID: 0}
--- !u!1 &8981096906059489623
GameObject:
  m_ObjectHideFlags: 0
  m_CorrespondingSourceObject: {fileID: 0}
  m_PrefabInstance: {fileID: 0}
  m_PrefabAsset: {fileID: 0}
  serializedVersion: 6
  m_Component:
  - component: {fileID: 8981096906059489616}
  - component: {fileID: 8981096906059489613}
  - component: {fileID: 8981096906059489612}
  - component: {fileID: 8981096906059489619}
  - component: {fileID: 8981096906059489618}
  - component: {fileID: 8981096906059489617}
  m_Layer: 0
  m_Name: New Game Object (5)
  m_TagString: Untagged
  m_Icon: {fileID: 0}
  m_NavMeshLayer: 0
  m_StaticEditorFlags: 0
  m_IsActive: 1
--- !u!4 &8981096906059489616
Transform:
  m_ObjectHideFlags: 0
  m_CorrespondingSourceObject: {fileID: 0}
  m_PrefabInstance: {fileID: 0}
  m_PrefabAsset: {fileID: 0}
  m_GameObject: {fileID: 8981096906059489623}
  m_LocalRotation: {x: -0.024403194, y: 0.15246587, z: -0.003765854, w: 0.9880002}
  m_LocalPosition: {x: 0.03602529, y: 1.2804295, z: 0.35349387}
  m_LocalScale: {x: 2.6895237, y: 0.5040461, z: 0.54181665}
  m_Children: []
  m_Father: {fileID: 8981096906210642577}
  m_RootOrder: 4
  m_LocalEulerAnglesHint: {x: -2.698, y: 17.565, z: -0.854}
--- !u!114 &8981096906059489613
MonoBehaviour:
  m_ObjectHideFlags: 0
  m_CorrespondingSourceObject: {fileID: 0}
  m_PrefabInstance: {fileID: 0}
  m_PrefabAsset: {fileID: 0}
  m_GameObject: {fileID: 8981096906059489623}
  m_Enabled: 1
  m_EditorHideFlags: 0
  m_Script: {fileID: 11500000, guid: 8233d90336aea43098adf6dbabd606a2, type: 3}
  m_Name: 
  m_EditorClassIdentifier: 
  m_MeshFormatVersion: 1
  m_Faces:
  - m_Indexes: 000000000300000001000000010000000300000002000000
    m_SmoothingGroup: 0
    m_Uv:
      m_UseWorldSpace: 0
      m_FlipU: 0
      m_FlipV: 0
      m_SwapUV: 0
      m_Fill: 1
      m_Scale: {x: 1, y: 1}
      m_Offset: {x: 0, y: 0}
      m_Rotation: 0
      m_Anchor: 9
    m_Material: {fileID: 2100000, guid: c22777d6e868e4f2fb421913386b154e, type: 2}
    m_SubmeshIndex: 0
    m_ManualUV: 0
    elementGroup: 0
    m_TextureGroup: -1
  - m_Indexes: 070000000500000006000000060000000500000004000000
    m_SmoothingGroup: 0
    m_Uv:
      m_UseWorldSpace: 0
      m_FlipU: 0
      m_FlipV: 0
      m_SwapUV: 0
      m_Fill: 1
      m_Scale: {x: 1, y: 1}
      m_Offset: {x: 0, y: 0}
      m_Rotation: 0
      m_Anchor: 9
    m_Material: {fileID: 2100000, guid: c22777d6e868e4f2fb421913386b154e, type: 2}
    m_SubmeshIndex: 0
    m_ManualUV: 0
    elementGroup: 0
    m_TextureGroup: -1
  - m_Indexes: 08000000090000000a000000090000000b0000000a000000
    m_SmoothingGroup: 0
    m_Uv:
      m_UseWorldSpace: 0
      m_FlipU: 0
      m_FlipV: 0
      m_SwapUV: 0
      m_Fill: 1
      m_Scale: {x: 1, y: 1}
      m_Offset: {x: 0, y: 0}
      m_Rotation: 0
      m_Anchor: 9
    m_Material: {fileID: 0}
    m_SubmeshIndex: 0
    m_ManualUV: 0
    elementGroup: -1
    m_TextureGroup: -1
  - m_Indexes: 0c0000000d0000000e0000000d0000000f0000000e000000
    m_SmoothingGroup: 0
    m_Uv:
      m_UseWorldSpace: 0
      m_FlipU: 0
      m_FlipV: 0
      m_SwapUV: 0
      m_Fill: 1
      m_Scale: {x: 1, y: 1}
      m_Offset: {x: 0, y: 0}
      m_Rotation: 0
      m_Anchor: 9
    m_Material: {fileID: 0}
    m_SubmeshIndex: 0
    m_ManualUV: 0
    elementGroup: -1
    m_TextureGroup: -1
  - m_Indexes: 100000001100000012000000110000001300000012000000
    m_SmoothingGroup: 0
    m_Uv:
      m_UseWorldSpace: 0
      m_FlipU: 0
      m_FlipV: 0
      m_SwapUV: 0
      m_Fill: 1
      m_Scale: {x: 1, y: 1}
      m_Offset: {x: 0, y: 0}
      m_Rotation: 0
      m_Anchor: 9
    m_Material: {fileID: 0}
    m_SubmeshIndex: 0
    m_ManualUV: 0
    elementGroup: -1
    m_TextureGroup: -1
  - m_Indexes: 140000001500000016000000150000001700000016000000
    m_SmoothingGroup: 0
    m_Uv:
      m_UseWorldSpace: 0
      m_FlipU: 0
      m_FlipV: 0
      m_SwapUV: 0
      m_Fill: 1
      m_Scale: {x: 1, y: 1}
      m_Offset: {x: 0, y: 0}
      m_Rotation: 0
      m_Anchor: 9
    m_Material: {fileID: 0}
    m_SubmeshIndex: 0
    m_ManualUV: 0
    elementGroup: -1
    m_TextureGroup: -1
  m_SharedVertices:
  - m_Vertices: 000000000a0000000f000000
  - m_Vertices: 04000000080000000d000000
  - m_Vertices: 010000000e00000017000000
  - m_Vertices: 060000000c00000015000000
  - m_Vertices: 020000001300000016000000
  - m_Vertices: 070000001100000014000000
  - m_Vertices: 030000000b00000012000000
  - m_Vertices: 050000000900000010000000
  m_SharedTextures: []
  m_Positions:
  - {x: 0.00000012304503, y: 1.3626735, z: -0.000008748285}
  - {x: -0.0008925161, y: 1.3626738, z: 0.037115887}
  - {x: -0.2057265, y: 1.3626735, z: 0.13183339}
  - {x: -0.24813068, y: 1.3626735, z: -0.0034987195}
  - {x: 0, y: 0, z: 0}
  - {x: -0.2481308, y: 0, z: -0.0034899712}
  - {x: -0.00089263916, y: 0.00000023841858, z: 0.037124634}
  - {x: -0.20572662, y: 0, z: 0.13184214}
  - {x: 0, y: 0, z: 0}
  - {x: -0.2481308, y: 0, z: -0.0034899712}
  - {x: 0.00000012304503, y: 1.3626735, z: -0.000008748285}
  - {x: -0.24813068, y: 1.3626735, z: -0.0034987195}
  - {x: -0.00089263916, y: 0.00000023841858, z: 0.037124634}
  - {x: 0, y: 0, z: 0}
  - {x: -0.0008925161, y: 1.3626738, z: 0.037115887}
  - {x: 0.00000012304503, y: 1.3626735, z: -0.000008748285}
  - {x: -0.2481308, y: 0, z: -0.0034899712}
  - {x: -0.20572662, y: 0, z: 0.13184214}
  - {x: -0.24813068, y: 1.3626735, z: -0.0034987195}
  - {x: -0.2057265, y: 1.3626735, z: 0.13183339}
  - {x: -0.20572662, y: 0, z: 0.13184214}
  - {x: -0.00089263916, y: 0.00000023841858, z: 0.037124634}
  - {x: -0.2057265, y: 1.3626735, z: 0.13183339}
  - {x: -0.0008925161, y: 1.3626738, z: 0.037115887}
  m_Textures0:
  - {x: -4.2990683e-15, y: -4.259462e-13}
  - {x: -0.00089263916, y: 0.037124634}
  - {x: -0.20572662, y: 0.13184214}
  - {x: -0.2481308, y: -0.0034899712}
  - {x: 0, y: 0}
  - {x: 0.2481308, y: -0.0034899712}
  - {x: 0.00089263916, y: 0.037124634}
  - {x: 0.20572662, y: 0.13184214}
  - {x: 0, y: 0}
  - {x: -0.24815534, y: 7.5276157e-16}
  - {x: -5.1247755e-15, y: 1.3626735}
  - {x: -0.24815534, y: 1.3626735}
  - {x: 0.037135363, y: 0.00000023841858}
  - {x: 0, y: 0}
  - {x: 0.037126616, y: 1.3626738}
  - {x: -0.000008748715, y: 1.3626735}
  - {x: 0.07752145, y: -0.0000004721944}
  - {x: -0.06429848, y: -0.0000004721944}
  - {x: 0.077529766, y: 1.362673}
  - {x: -0.064290166, y: 1.362673}
  - {x: 0.24206497, y: -0.00000019291748}
  - {x: 0.016391829, y: 0.00000004550109}
  - {x: 0.2420612, y: 1.3626733}
  - {x: 0.016388046, y: 1.3626735}
  m_Textures2: []
  m_Textures3: []
  m_Tangents:
  - {x: 1, y: -0.00000009029678, z: 4.561643e-20, w: -1}
  - {x: 1, y: 0.0000004631803, z: 0, w: -1}
  - {x: 1, y: 0.0000010166574, z: 0, w: -1}
  - {x: 1, y: 0.0000004631803, z: 0, w: -1}
  - {x: -1, y: 0.00000009029678, z: -4.561643e-20, w: -1}
  - {x: -1, y: -0.0000004631803, z: 0, w: -1}
  - {x: -1, y: -0.0000004631803, z: 0, w: -1}
  - {x: -1, y: -0.0000010166574, z: 0, w: -1}
  - {x: 0.9999011, y: 3.033429e-15, z: 0.014063655, w: -1}
  - {x: 0.9999011, y: 1.5167145e-15, z: 0.014063655, w: -1}
  - {x: 0.9999011, y: 1.5167145e-15, z: 0.014063655, w: -1}
  - {x: 0.9999011, y: 0, z: 0.014063655, w: -1}
  - {x: -0.024037443, y: 0, z: 0.9997111, w: -1}
  - {x: -0.024037443, y: 1.1927378e-16, z: 0.9997111, w: -1}
  - {x: -0.024037443, y: 1.1927378e-16, z: 0.9997111, w: -1}
  - {x: -0.024037443, y: 0, z: 0.9997111, w: -1}
  - {x: -0.2990001, y: 0, z: -0.9542531, w: -1}
  - {x: -0.2990001, y: 0, z: -0.9542531, w: -1}
  - {x: -0.2990001, y: 0, z: -0.9542531, w: -1}
  - {x: -0.2990001, y: 0, z: -0.9542531, w: -1}
  - {x: -0.9076578, y: 0, z: 0.41971102, w: -1}
  - {x: -0.9076578, y: 0, z: 0.41971102, w: -1}
  - {x: -0.9076578, y: 0, z: 0.41971102, w: -1}
  - {x: -0.9076578, y: 0, z: 0.41971102, w: -1}
  m_Colors: []
  m_UnwrapParameters:
    m_HardAngle: 88
    m_PackMargin: 20
    m_AngleError: 8
    m_AreaError: 15
  m_PreserveMeshAssetOnDestroy: 0
  assetGuid: 
  m_Mesh: {fileID: 0}
  m_IsSelectable: 1
  m_SelectedFaces: 
  m_SelectedEdges: []
  m_SelectedVertices: 
--- !u!114 &8981096906059489612
MonoBehaviour:
  m_ObjectHideFlags: 0
  m_CorrespondingSourceObject: {fileID: 0}
  m_PrefabInstance: {fileID: 0}
  m_PrefabAsset: {fileID: 0}
  m_GameObject: {fileID: 8981096906059489623}
  m_Enabled: 1
  m_EditorHideFlags: 0
  m_Script: {fileID: 11500000, guid: bb977b126bc1b4f15813dcf9da9bb600, type: 3}
  m_Name: 
  m_EditorClassIdentifier: 
  m_Points:
  - {x: 0, y: 0, z: 0}
  - {x: -0.00089263916, y: 0.00000023841858, z: 0.037124634}
  - {x: -0.20572662, y: 0, z: 0.13184214}
  - {x: -0.2481308, y: 0, z: -0.0034899712}
  m_Extrude: 1.3626735
  m_EditMode: 0
  m_FlipNormals: 0
  isOnGrid: 0
--- !u!23 &8981096906059489619
MeshRenderer:
  m_ObjectHideFlags: 0
  m_CorrespondingSourceObject: {fileID: 0}
  m_PrefabInstance: {fileID: 0}
  m_PrefabAsset: {fileID: 0}
  m_GameObject: {fileID: 8981096906059489623}
  m_Enabled: 1
  m_CastShadows: 1
  m_ReceiveShadows: 1
  m_DynamicOccludee: 1
  m_MotionVectors: 1
  m_LightProbeUsage: 1
  m_ReflectionProbeUsage: 1
  m_RayTracingMode: 2
  m_RayTraceProcedural: 0
  m_RenderingLayerMask: 1
  m_RendererPriority: 0
  m_Materials:
  - {fileID: 2100000, guid: c22777d6e868e4f2fb421913386b154e, type: 2}
  m_StaticBatchInfo:
    firstSubMesh: 0
    subMeshCount: 0
  m_StaticBatchRoot: {fileID: 0}
  m_ProbeAnchor: {fileID: 0}
  m_LightProbeVolumeOverride: {fileID: 0}
  m_ScaleInLightmap: 1
  m_ReceiveGI: 1
  m_PreserveUVs: 0
  m_IgnoreNormalsForChartDetection: 0
  m_ImportantGI: 0
  m_StitchLightmapSeams: 1
  m_SelectedEditorRenderState: 3
  m_MinimumChartSize: 4
  m_AutoUVMaxDistance: 0.5
  m_AutoUVMaxAngle: 89
  m_LightmapParameters: {fileID: 0}
  m_SortingLayerID: 0
  m_SortingLayer: 0
  m_SortingOrder: 0
  m_AdditionalVertexStreams: {fileID: 0}
--- !u!33 &8981096906059489618
MeshFilter:
  m_ObjectHideFlags: 0
  m_CorrespondingSourceObject: {fileID: 0}
  m_PrefabInstance: {fileID: 0}
  m_PrefabAsset: {fileID: 0}
  m_GameObject: {fileID: 8981096906059489623}
  m_Mesh: {fileID: 0}
--- !u!64 &8981096906059489617
MeshCollider:
  m_ObjectHideFlags: 0
  m_CorrespondingSourceObject: {fileID: 0}
  m_PrefabInstance: {fileID: 0}
  m_PrefabAsset: {fileID: 0}
  m_GameObject: {fileID: 8981096906059489623}
  m_Material: {fileID: 0}
  m_IsTrigger: 0
  m_Enabled: 1
  serializedVersion: 4
  m_Convex: 0
  m_CookingOptions: 30
  m_Mesh: {fileID: 0}
--- !u!1 &8981096906210642587
GameObject:
  m_ObjectHideFlags: 0
  m_CorrespondingSourceObject: {fileID: 0}
  m_PrefabInstance: {fileID: 0}
  m_PrefabAsset: {fileID: 0}
  serializedVersion: 6
  m_Component:
  - component: {fileID: 8981096906210642577}
  - component: {fileID: 8981096906210642576}
  - component: {fileID: 8981096906210642583}
  - component: {fileID: 8981096906210642582}
  - component: {fileID: 8981096906210642581}
  - component: {fileID: 8981096906210642580}
  m_Layer: 0
  m_Name: Tree
  m_TagString: Untagged
  m_Icon: {fileID: 0}
  m_NavMeshLayer: 0
  m_StaticEditorFlags: 0
  m_IsActive: 1
--- !u!4 &8981096906210642577
Transform:
  m_ObjectHideFlags: 0
  m_CorrespondingSourceObject: {fileID: 0}
  m_PrefabInstance: {fileID: 0}
  m_PrefabAsset: {fileID: 0}
  m_GameObject: {fileID: 8981096906210642587}
  m_LocalRotation: {x: 0, y: 0, z: 0, w: 1}
  m_LocalPosition: {x: 68.938, y: 2.3094144, z: 2.491}
  m_LocalScale: {x: 0.567667, y: 1.1921, z: 1.1921}
  m_Children:
  - {fileID: 8981096905510298826}
  - {fileID: 8981096905563683520}
  - {fileID: 8981096905166623569}
  - {fileID: 8981096904946178575}
  - {fileID: 8981096906059489616}
  m_Father: {fileID: 0}
  m_RootOrder: 0
  m_LocalEulerAnglesHint: {x: 0, y: 0, z: 0}
--- !u!114 &8981096906210642576
MonoBehaviour:
  m_ObjectHideFlags: 0
  m_CorrespondingSourceObject: {fileID: 0}
  m_PrefabInstance: {fileID: 0}
  m_PrefabAsset: {fileID: 0}
  m_GameObject: {fileID: 8981096906210642587}
  m_Enabled: 1
  m_EditorHideFlags: 0
  m_Script: {fileID: 11500000, guid: 8233d90336aea43098adf6dbabd606a2, type: 3}
  m_Name: 
  m_EditorClassIdentifier: 
  m_MeshFormatVersion: 1
  m_Faces:
  - m_Indexes: 000000000300000002000000000000000200000001000000
    m_SmoothingGroup: 0
    m_Uv:
      m_UseWorldSpace: 0
      m_FlipU: 0
      m_FlipV: 0
      m_SwapUV: 0
      m_Fill: 1
      m_Scale: {x: 1, y: 1}
      m_Offset: {x: 0, y: 0}
      m_Rotation: 0
      m_Anchor: 9
    m_Material: {fileID: 2100000, guid: c22777d6e868e4f2fb421913386b154e, type: 2}
    m_SubmeshIndex: 0
    m_ManualUV: 0
    elementGroup: 0
    m_TextureGroup: -1
  - m_Indexes: 070000000600000004000000060000000500000004000000
    m_SmoothingGroup: 0
    m_Uv:
      m_UseWorldSpace: 0
      m_FlipU: 0
      m_FlipV: 0
      m_SwapUV: 0
      m_Fill: 1
      m_Scale: {x: 1, y: 1}
      m_Offset: {x: 0, y: 0}
      m_Rotation: 0
      m_Anchor: 9
    m_Material: {fileID: 2100000, guid: c22777d6e868e4f2fb421913386b154e, type: 2}
    m_SubmeshIndex: 0
    m_ManualUV: 0
    elementGroup: 0
    m_TextureGroup: -1
  - m_Indexes: 08000000090000000a000000090000000b0000000a000000
    m_SmoothingGroup: 0
    m_Uv:
      m_UseWorldSpace: 0
      m_FlipU: 0
      m_FlipV: 0
      m_SwapUV: 0
      m_Fill: 1
      m_Scale: {x: 1, y: 1}
      m_Offset: {x: 0, y: 0}
      m_Rotation: 0
      m_Anchor: 9
    m_Material: {fileID: 0}
    m_SubmeshIndex: 0
    m_ManualUV: 0
    elementGroup: -1
    m_TextureGroup: -1
  - m_Indexes: 0c0000000d0000000e0000000d0000000f0000000e000000
    m_SmoothingGroup: 0
    m_Uv:
      m_UseWorldSpace: 0
      m_FlipU: 0
      m_FlipV: 0
      m_SwapUV: 0
      m_Fill: 1
      m_Scale: {x: 1, y: 1}
      m_Offset: {x: 0, y: 0}
      m_Rotation: 0
      m_Anchor: 9
    m_Material: {fileID: 0}
    m_SubmeshIndex: 0
    m_ManualUV: 0
    elementGroup: -1
    m_TextureGroup: -1
  - m_Indexes: 100000001100000012000000110000001300000012000000
    m_SmoothingGroup: 0
    m_Uv:
      m_UseWorldSpace: 0
      m_FlipU: 0
      m_FlipV: 0
      m_SwapUV: 0
      m_Fill: 1
      m_Scale: {x: 1, y: 1}
      m_Offset: {x: 0, y: 0}
      m_Rotation: 0
      m_Anchor: 9
    m_Material: {fileID: 0}
    m_SubmeshIndex: 0
    m_ManualUV: 0
    elementGroup: -1
    m_TextureGroup: -1
  - m_Indexes: 140000001500000016000000150000001700000016000000
    m_SmoothingGroup: 0
    m_Uv:
      m_UseWorldSpace: 0
      m_FlipU: 0
      m_FlipV: 0
      m_SwapUV: 0
      m_Fill: 1
      m_Scale: {x: 1, y: 1}
      m_Offset: {x: 0, y: 0}
      m_Rotation: 0
      m_Anchor: 9
    m_Material: {fileID: 0}
    m_SubmeshIndex: 0
    m_ManualUV: 0
    elementGroup: -1
    m_TextureGroup: -1
  m_SharedVertices:
  - m_Vertices: 000000000a00000017000000
  - m_Vertices: 040000000800000015000000
  - m_Vertices: 010000001300000016000000
  - m_Vertices: 070000001100000014000000
  - m_Vertices: 020000000f00000012000000
  - m_Vertices: 060000000d00000010000000
  - m_Vertices: 030000000b0000000e000000
  - m_Vertices: 05000000090000000c000000
  m_SharedTextures: []
  m_Positions:
  - {x: 0, y: 1.5132678, z: 0}
  - {x: -0.6572571, y: 1.5132678, z: 0.07190895}
  - {x: -0.5740509, y: 1.5132678, z: -0.23287725}
  - {x: -0.05822754, y: 1.6905856, z: -0.29649973}
  - {x: 0, y: 0, z: 0}
  - {x: -0.02495575, y: 0, z: -0.29649973}
  - {x: -0.5740509, y: 0, z: -0.23287725}
  - {x: -0.6572571, y: 0, z: 0.07190895}
  - {x: 0, y: 0, z: 0}
  - {x: -0.02495575, y: 0, z: -0.29649973}
  - {x: 0, y: 1.5132678, z: 0}
  - {x: -0.05822754, y: 1.6905856, z: -0.29649973}
  - {x: -0.02495575, y: 0, z: -0.29649973}
  - {x: -0.5740509, y: 0, z: -0.23287725}
  - {x: -0.05822754, y: 1.6905856, z: -0.29649973}
  - {x: -0.5740509, y: 1.5132678, z: -0.23287725}
  - {x: -0.5740509, y: 0, z: -0.23287725}
  - {x: -0.6572571, y: 0, z: 0.07190895}
  - {x: -0.5740509, y: 1.5132678, z: -0.23287725}
  - {x: -0.6572571, y: 1.5132678, z: 0.07190895}
  - {x: -0.6572571, y: 0, z: 0.07190895}
  - {x: 0, y: 0, z: 0}
  - {x: -0.6572571, y: 1.5132678, z: 0.07190895}
  - {x: 0, y: 1.5132678, z: 0}
  m_Textures0:
  - {x: 0.38573363, y: -0.778511}
  - {x: -0.24981235, y: -0.8067581}
  - {x: -0.1693547, y: -1.053544}
  - {x: 0.37462804, y: -1.1286836}
  - {x: 0, y: 0}
  - {x: 0.02495575, y: -0.29649973}
  - {x: 0.5740509, y: -0.23287725}
  - {x: 0.6572571, y: 0.07190895}
  - {x: 0, y: 0}
  - {x: -0.29754812, y: 0}
  - {x: 0, y: 1.5132678}
  - {x: -0.30033866, y: 1.6905856}
  - {x: 0.009336572, y: 0.0006736716}
  - {x: -0.54343224, y: 0.0006736716}
  - {x: -0.023714101, y: 1.6912637}
  - {x: -0.54343224, y: 1.5139376}
  - {x: 0.0734735, y: 0}
  - {x: -0.2424662, y: 0}
  - {x: 0.0734735, y: 1.5132678}
  - {x: -0.2424662, y: 1.5132678}
  - {x: 0.66117907, y: 0}
  - {x: 0, y: 0}
  - {x: 0.66117907, y: 1.5132678}
  - {x: 0, y: 1.5132678}
  m_Textures2: []
  m_Textures3: []
  m_Tangents:
  - {x: 0.987109, y: 0.13988768, z: -0.07776342, w: -1}
  - {x: 0.9874153, y: 0, z: -0.15814911, w: -1}
  - {x: 0.987109, y: 0.13988768, z: -0.07776342, w: -1}
  - {x: 0.9669671, y: 0.2549011, z: 0.000000015533816, w: -1}
  - {x: -1, y: 0, z: 0, w: -1}
  - {x: -1, y: 0, z: 0, w: -1}
  - {x: -1, y: 0, z: 0, w: -1}
  - {x: -1, y: 0, z: 0, w: -1}
  - {x: 0.08387131, y: 0, z: 0.9964766, w: -1}
  - {x: 0.13286528, y: -0.0000012077483, z: 0.9911341, w: -1}
  - {x: 0.13286528, y: -0.0000012077483, z: 0.9911341, w: -1}
  - {x: 0.18154556, y: 0, z: 0.9833825, w: -1}
  - {x: 0.9933542, y: 1.6876996e-11, z: -0.11509781, w: -1}
  - {x: 0.99292344, y: -0.000008343312, z: -0.1187567, w: -1}
  - {x: 0.99292344, y: -0.000008343312, z: -0.1187567, w: -1}
  - {x: 0.99247915, y: -0.000016686387, z: -0.12241396, w: -1}
  - {x: 0.26336092, y: 0, z: -0.96469736, w: -1}
  - {x: 0.26336092, y: 0, z: -0.96469736, w: -1}
  - {x: 0.26336092, y: 0, z: -0.96469736, w: -1}
  - {x: 0.26336092, y: 0, z: -0.96469736, w: -1}
  - {x: -0.9940682, y: 0, z: 0.10875866, w: -1}
  - {x: -0.9940682, y: 0, z: 0.10875866, w: -1}
  - {x: -0.9940682, y: 0, z: 0.10875866, w: -1}
  - {x: -0.9940682, y: 0, z: 0.10875866, w: -1}
  m_Colors: []
  m_UnwrapParameters:
    m_HardAngle: 88
    m_PackMargin: 20
    m_AngleError: 8
    m_AreaError: 15
  m_PreserveMeshAssetOnDestroy: 0
  assetGuid: 
  m_Mesh: {fileID: 0}
  m_IsSelectable: 1
  m_SelectedFaces: 
  m_SelectedEdges: []
  m_SelectedVertices: 
--- !u!114 &8981096906210642583
MonoBehaviour:
  m_ObjectHideFlags: 0
  m_CorrespondingSourceObject: {fileID: 0}
  m_PrefabInstance: {fileID: 0}
  m_PrefabAsset: {fileID: 0}
  m_GameObject: {fileID: 8981096906210642587}
  m_Enabled: 1
  m_EditorHideFlags: 0
  m_Script: {fileID: 11500000, guid: bb977b126bc1b4f15813dcf9da9bb600, type: 3}
  m_Name: 
  m_EditorClassIdentifier: 
  m_Points:
  - {x: 0, y: 0, z: 0}
  - {x: -0.6572571, y: 0, z: 0.07190895}
  - {x: -0.5740509, y: 0, z: -0.23287725}
  - {x: -0.02495575, y: 0, z: -0.29649973}
  m_Extrude: 1.5132678
  m_EditMode: 0
  m_FlipNormals: 0
  isOnGrid: 0
--- !u!23 &8981096906210642582
MeshRenderer:
  m_ObjectHideFlags: 0
  m_CorrespondingSourceObject: {fileID: 0}
  m_PrefabInstance: {fileID: 0}
  m_PrefabAsset: {fileID: 0}
  m_GameObject: {fileID: 8981096906210642587}
  m_Enabled: 1
  m_CastShadows: 1
  m_ReceiveShadows: 1
  m_DynamicOccludee: 1
  m_MotionVectors: 1
  m_LightProbeUsage: 1
  m_ReflectionProbeUsage: 1
  m_RayTracingMode: 2
  m_RayTraceProcedural: 0
  m_RenderingLayerMask: 1
  m_RendererPriority: 0
  m_Materials:
  - {fileID: 2100000, guid: c22777d6e868e4f2fb421913386b154e, type: 2}
  m_StaticBatchInfo:
    firstSubMesh: 0
    subMeshCount: 0
  m_StaticBatchRoot: {fileID: 0}
  m_ProbeAnchor: {fileID: 0}
  m_LightProbeVolumeOverride: {fileID: 0}
  m_ScaleInLightmap: 1
  m_ReceiveGI: 1
  m_PreserveUVs: 0
  m_IgnoreNormalsForChartDetection: 0
  m_ImportantGI: 0
  m_StitchLightmapSeams: 1
  m_SelectedEditorRenderState: 2
  m_MinimumChartSize: 4
  m_AutoUVMaxDistance: 0.5
  m_AutoUVMaxAngle: 89
  m_LightmapParameters: {fileID: 0}
  m_SortingLayerID: 0
  m_SortingLayer: 0
  m_SortingOrder: 0
  m_AdditionalVertexStreams: {fileID: 0}
--- !u!33 &8981096906210642581
MeshFilter:
  m_ObjectHideFlags: 0
  m_CorrespondingSourceObject: {fileID: 0}
  m_PrefabInstance: {fileID: 0}
  m_PrefabAsset: {fileID: 0}
  m_GameObject: {fileID: 8981096906210642587}
  m_Mesh: {fileID: 0}
--- !u!64 &8981096906210642580
MeshCollider:
  m_ObjectHideFlags: 0
  m_CorrespondingSourceObject: {fileID: 0}
  m_PrefabInstance: {fileID: 0}
  m_PrefabAsset: {fileID: 0}
  m_GameObject: {fileID: 8981096906210642587}
  m_Material: {fileID: 0}
  m_IsTrigger: 0
  m_Enabled: 1
  serializedVersion: 4
  m_Convex: 0
  m_CookingOptions: 30
  m_Mesh: {fileID: 0}
